<?xml version="1.0" encoding="UTF-8"?><collection xmlns="http://www.loc.gov/MARC21/slim"><record><leader>00355nam--2200109-i-4500</leader><controlfield tag="001">000042429</controlfield><controlfield tag="002">20161230</controlfield><controlfield tag="005">20161230201043</controlfield><controlfield tag="008">060222s1000------------r-----000-0-eng-d</controlfield><datafield ind1=" " ind2=" " tag="245"><subfield code="a">Special technical conf.on nonlinear magnetics&amp;magnetic amplifiers, philadelphia, pa, oct.26-28, 1960</subfield></datafield><datafield ind1=" " ind2=" " tag="260"><subfield code="a">New York, Amer.Inst.Of Electrical Eng.,1960. 348 P</subfield></datafield><datafield ind1=" " ind2=" " tag="852"><subfield code="a">17658</subfield></datafield></record></collection>